@article{Technology_athletics,
  author = {M\"uller, Harald and Glad, Bill},
  title = {Technology in Athletics},
  journal = {Journal of Sports Science},
  year = {2014},  
}

@article{Elastic_cord,
  title={Effect of Elastic-Cord Towing on the Kinematics of the Acceleration Phase of Sprinting},
  author={Corn, Rodney J and Knudson, Duane},
  journal={Journal of Strength and Conditioning Research},
  volume={17},
  number={1},
  pages={72--75},
  year={2003},
  month={February}
}

@article{Hill_slope,
  title={Effect of the Degree of Hill Slope on Acute Downhill Running Velocity and Acceleration},
  author={Ebben, William P and Davies, Joseph A and Clewien, Rustin W},
  journal={Journal of Strength and Conditioning Research},
  volume={22},
  number={3},
  pages={898--902},
  year={2008},
  month={May}
}
% doi={10.1519/JSC.0b013e31816a4149}

@online{Coni_article,
  title={Presentato lo scudo aerodinamico, l'arma in pi\'u al servizio dell'atletica},
  author={CONI},
  year={2021},
  url={https://www.coni.it/it/news/18045-presentato-lo-scudo-aerodinamico,-l-arma-in-piu-al-servizio-dell-atletica.html},
}

@article{LQR_acc,
  title={A vehicle control algorithm for stop-and-go cruise control},
  author={Yi, KYi and Hong, J and Kwon, YD},
  journal={School of Mechanical Engineering, Hanyang University, Seoul, Korea; Hyundai Motor Company, Kyonggi-Do, Korea},
  year={2001}
}

@ARTICLE{MPC_acc_first,
  author={Lim, Wonteak and Lee, Seongjin and Yang, Jinsoo and Sunwoo, Myoungho and Na, Yuseung and Jo, Kichun},
  journal={IEEE Access}, 
  title={Automatic Weight Determination in Model Predictive Control for Personalized Car-Following Control}, 
  year={2022},
  volume={10},
  number={},
  pages={19812-19824},
  keywords={Intelligent vehicles;Optimization;Autonomous vehicles;Optimal control;Task analysis;Particle swarm optimization;Motion control;Autonomous vehicles;automotive applications;intelligent vehicles;motion control;optimal control}}
% doi={10.1109/ACCESS.2022.3149330}

@INPROCEEDINGS{MPC_acc_second,
  author={Naus, Gerrit and van den Bleek, Roel and Ploeg, Jeroen and Scheepers, Bart and van de Molengraft, Rene and Steinbuch, Maarten},
  booktitle={2008 American Control Conference}, 
  title={Explicit MPC design and performance evaluation of an ACC Stop-\&-Go}, 
  year={2008},
  volume={},
  number={},
  pages={224-229},
  keywords={Vehicle driving;Acceleration;Control systems;Vehicle detection;Motion control;Humans;Predictive models;Radar;Frequency;Engines}}
% doi={10.1109/ACC.2008.4586495}

@article{Review_AVCS,
author = {STEVEN E. SHLADOVER Deputy Director},
title = {Review of the State of Development of Advanced Vehicle Control Systems (AVCS)},
journal = {Vehicle System Dynamics},
volume = {24},
number = {6-7},
pages = {551-595},
year = {1995},
publisher = {Taylor & Francis}}
% doi = {10.1080/00423119508969108}

@INPROCEEDINGS{Offset-free_compare,
  author={Pannocchia, Gabriele},
  booktitle={2015 European Control Conference (ECC)}, 
  title={Offset-free tracking MPC: A tutorial review and comparison of different formulations}, 
  year={2015},
  volume={},
  number={},
  pages={527-532},
  keywords={Observers;Target tracking;Solid modeling;Predictive models;Time measurement;Current measurement;Prediction algorithms}}
% doi={10.1109/ECC.2015.7330597}

@article{Linear_offset-free,
title = {Linear offset-free Model Predictive Control},
journal = {Automatica},
volume = {45},
number = {10},
pages = {2214-2222},
year = {2009},
issn = {0005-1098},
author = {Urban Maeder and Francesco Borrelli and Manfred Morari},
keywords = {Model predictive control, Reference tracking, No offset, Integral control}
}
% url = {https://www.sciencedirect.com/science/article/pii/S0005109809002969}
% doi = {https://doi.org/10.1016/j.automatica.2009.06.005},

@INPROCEEDINGS{Disturbance_observer,
  author={Radke, A. and Zhiqiang Gao},
  booktitle={2006 American Control Conference}, 
  title={A survey of state and disturbance observers for practitioners}, 
  year={2006},
  volume={},
  number={},
  keywords={Observers;State estimation;Educational institutions;Mathematical model;Data mining;Design engineering;Equations;Control theory;Robustness;Feedback control} 
} %doi={10.1109/ACC.2006.1657545}

  %pages={6 pp.-},

@article{MPC_basics,
title = {Constrained model predictive control: Stability and optimality},
journal = {Automatica},
volume = {36},
number = {6},
pages = {789-814},
year = {2000},
issn = {0005-1098},
author = {D.Q. Mayne and J.B. Rawlings and C.V. Rao and P.O.M. Scokaert},
keywords = {Model predictive control, Stability, Optimality, Robustness}
}
% doi = {https://doi.org/10.1016/S0005-1098(99)00214-9}

@article{kalman_contributions,
  title={Contributions to the theory of optimal control},
  author={Kalman, Rudolf Emil and others},
  journal={Bol. soc. mat. mexicana},
  volume={5},
  number={2},
  pages={102--119},
  year={1960}
}

@article{pannocchia2003disturbance,
  title={Disturbance models for offset-free model predictive control},
  author={Pannocchia, Gabriele and Rawlings, James B},
  journal={AIChE J.},
  volume={49},
  pages={426--437},
  year={2003}
}

@misc{modelplantmismatch_learning,
      title={Model-plant mismatch learning offset-free model predictive control}, 
      author={Sang Hwan Son and Jong Woo Kim and Tae Hoon Oh and Jong Min Lee},
      year={2020},
      archivePrefix={arXiv},
      primaryClass={eess.SY}
}
   %   eprint={2012.02753},

@misc{diamondleague,
  title = {Diamond League Homepage},
  howpublished = {\url{https://www.diamondleague.com/home/}},
  note = {Accessed: February 26, 2024}
}

@misc{diamond2016cvxpy,
      title={CVXPY: A Python-Embedded Modeling Language for Convex Optimization}, 
      author={Steven Diamond and Stephen Boyd},
      year={2016},
      eprint={1603.00943}
}

     % archivePrefix={arXiv},
      %primaryClass={math.OC}

@article{Stellato_2020,
   title={OSQP: an operator splitting solver for quadratic programs},
   volume={12},
   ISSN={1867-2957},
   number={4},
   journal={Mathematical Programming Computation},
   publisher={Springer Science and Business Media LLC},
   author={Stellato, Bartolomeo and Banjac, Goran and Goulart, Paul and Bemporad, Alberto and Boyd, Stephen},
   year={2020},
   month=feb, pages={637â€“672} }
% url={http://dx.doi.org/10.1007/s12532-020-00179-2},
  % DOI={10.1007/s12532-020-00179-2},

@ARTICLE{Linear_Quadratic_Tracking,
  author={Hu, Dawei and Li, Gangyan and Zhu, Guoming and Liu, Zihao and Tu, Ming},
  journal={IEEE Access}, 
  title={Linear-Quadratic Tracking Control of a Commercial Vehicle Air Brake System}, 
  year={2020},
  volume={8},
  number={},
  pages={149741-149750},
  keywords={Brakes;Valves;Atmospheric modeling;Bars;Solenoids;Nonlinear dynamical systems;Air brake system;proportional valve;control-oriented model;linearization through system identification;linear quadratic tracking}}
 % doi={10.1109/ACCESS.2020.3016353}}

@inproceedings{ros,
  title={ROS: an open-source Robot Operating System},
  author={Quigley, Morgan and Conley, Ken and Gerkey, Brian and Faust, Josh and Foote, Tully and Leibs, Jeremy and Wheeler, Rob and Ng, Andrew Y and others},
  booktitle={ICRA workshop on open source software},
  volume={3},
  number={3.2},
  pages={5},
  year={2009},
  organization={Kobe, Japan}
}

@Article{Andersson2018,
  Author = {Joel A E Andersson and Joris Gillis and Greg Horn
            and James B Rawlings and Moritz Diehl},
  Title = {{CasADi} -- {A} software framework for nonlinear optimization
           and optimal control},
  Journal = {Mathematical Programming Computation},
  Year = {2018},
}
